@inproceedings{WestWhiteHorvitzWWW2013,
  title={		From Cookies to Cooks: Insights on Dietary Patterns via Analysis of Web Usage Logs},
  author={Robert West and Ryen W. White and Eric Horvitz},
  booktitle={	Proceedings of the 22nd International World Wide Web Conference},
  year={2013}
} 	